<?xml version="1.0" encoding="utf-8"?>
<record xmlns="http://www.loc.gov/MARC21/slim" xmlns:xsi="http://www.w3.org/2001/XMLSchema-instance" xsi:schemaLocation="http://www.loc.gov/MARC21/slim http://www.loc.gov/standards/marcxml/schema/MARC21slim.xsd">
	<leader>     nam a22     Mi 4500</leader>
	<controlfield tag="001">b1248765x</controlfield>
	<controlfield tag="003">LeBAU</controlfield>
	<controlfield tag="006">m        d        </controlfield>
	<controlfield tag="007">cr cn |||m|||a</controlfield>
	<controlfield tag="008">180604s1954    ua abef ob    ||1 0 ara d</controlfield>
	<datafield ind1=" " ind2=" " tag="040">
		<subfield code="a">ZYU</subfield>
		<subfield code="b">ara</subfield>
		<subfield code="e">rda</subfield>
		<subfield code="c">ZYU</subfield>
	</datafield>
	<datafield ind1="0" ind2=" " tag="041">
		<subfield code="a">ara</subfield>
		<subfield code="a">eng</subfield>
	</datafield>
	<datafield ind1="0" ind2="4" tag="082">
		<subfield code="a">506</subfield>
		<subfield code="2">20</subfield>
	</datafield>
	<datafield ind1="2" ind2=" " tag="110">
		<subfield code="6">880-01</subfield>
		<subfield code="a">League of Arab States.</subfield>
		<subfield code="d">Idārah al-Thaqāfīyah,</subfield>
		<subfield code="e">Issuing body.</subfield>
	</datafield>
	<datafield ind1="1" ind2="0" tag="245">
		<subfield code="6">880-02</subfield>
		<subfield code="a">Kitāb al-muʻtamar al-‘ilmī al-ʻArabi al-awwal :</subfield>
		<subfield code="b">al-Iskandarīyah Sibtambir sanat 1953 /</subfield>
		<subfield code="c">Jāmi‘at al-Duwal al-‘Arabīyah, al-Idārah al-thaqāfīyah. </subfield>
	</datafield>
	<datafield ind1="3" ind2="0" tag="246">
		<subfield code="6">880-03</subfield>
		<subfield code="a">Muʻtamar al-‘ilmī al-‘Arabi al-awwal :</subfield>
		<subfield code="b">al-Iskandarīyah Sibtambir sanat 1953</subfield>
	</datafield>
	<datafield ind1=" " ind2="1" tag="264">
		<subfield code="6">880-04</subfield>
		<subfield code="a">al-Qāhirah :</subfield>
		<subfield code="b">Maṭba‘at Lajnat al-Taʼlīf wa-al-Tarjamah wa-al-Nashr,</subfield>
		<subfield code="c">1954.</subfield>
	</datafield>
	<datafield ind1=" " ind2=" " tag="300">
		<subfield code="6">880-05</subfield>
		<subfield code="a">online resource (’a-y, 662, 2 pages, 4 unnumbered pages of plates) :</subfield>
		<subfield code="b">illustrations, maps, plans</subfield>
	</datafield>
	<datafield ind1=" " ind2=" " tag="336">
		<subfield code="a">text</subfield>
		<subfield code="2">rdacontent</subfield>
	</datafield>
	<datafield ind1=" " ind2=" " tag="337">
		<subfield code="a">computer</subfield>
		<subfield code="2">rdamedia</subfield>
	</datafield>
	<datafield ind1=" " ind2=" " tag="338">
		<subfield code="a">online resource</subfield>
		<subfield code="2">rdacarrier</subfield>
	</datafield>
	<datafield ind1=" " ind2=" " tag="500">
		<subfield code="a">Part of the Arabic Collections Online (ACO) project, contributed by American University of Beirut's Jafet Memorial Library.</subfield>
	</datafield>
	<datafield ind1=" " ind2=" " tag="504">
		<subfield code="a">يتضمن مراجع ببليوغرافية.</subfield>
	</datafield>
	<datafield ind1=" " ind2=" " tag="533">
		<subfield code="a">Electronic reproduction.</subfield>
		<subfield code="b">New York, N.Y. :</subfield>
		<subfield code="c">New York University,</subfield>
		<subfield code="d">2018.</subfield>
		<subfield code="5">NNU</subfield>
	</datafield>
	<datafield ind1=" " ind2=" " tag="546">
		<subfield code="a">النص بالعربية، مع قائمة بالمصطلحات بالعربية والإنجليزية.</subfield>
	</datafield>
	<datafield ind1=" " ind2="4" tag="650">
		<subfield code="a">العلوم</subfield>
		<subfield code="z">البلدان العربية</subfield>
		<subfield code="v">مؤتمرات.</subfield>
	</datafield>
	<datafield ind1=" " ind2="0" tag="650">
		<subfield code="a">Science</subfield>
		<subfield code="z">Arab countries</subfield>
		<subfield code="v">Congresses.</subfield>
	</datafield>
	<datafield ind1="2" ind2=" " tag="710">
		<subfield code="a">Jafet Memorial Library.</subfield>
	</datafield>
	<datafield ind1="2" ind2=" " tag="711">
		<subfield code="6">880-06</subfield>
		<subfield code="a">Muʻtamar al-‘ilmī al-‘Arabī</subfield>
		<subfield code="n">(1 :</subfield>
		<subfield code="d">1953 :</subfield>
		<subfield code="c">Alexandria, Egypt)</subfield>
	</datafield>
	<datafield ind1="0" ind2=" " tag="730">
		<subfield code="a">Arabic Collections Online.</subfield>
	</datafield>
	<datafield ind1="0" ind2="8" tag="776">
		<subfield code="i">Print version:</subfield>
		<subfield code="a">League of Arab States. Idārah al-Thaqāfīyah, Issuing body.</subfield>
		<subfield code="t">Kitāb al-muʻtamar al-‘ilmī al-ʻArabi al-awwal</subfield>
		<subfield code="w">(LeBAU)b1248765x</subfield>
	</datafield>
	<datafield ind1="4" ind2="0" tag="856">
		<subfield code="u">http://hdl.handle.net/2333.1/p8cz93kh</subfield>
	</datafield>
	<datafield ind1="2" ind2=" " tag="880">
		<subfield code="6">110-01</subfield>
		<subfield code="a">جامعة الدول العربية.</subfield>
		<subfield code="d">الإدارة الثقافية،</subfield>
		<subfield code="e">هيئة إصدار. </subfield>
		<subfield code="4">isu.</subfield>
	</datafield>
	<datafield ind1="1" ind2="0" tag="880">
		<subfield code="6">245-02</subfield>
		<subfield code="a">كتاب المؤتمر العلمي العربي الأول :</subfield>
		<subfield code="b">الإسكندرية سبتمبر سنة 1953/</subfield>
		<subfield code="c">جامعة الدول العربية، الإدارة الثقافية.</subfield>
	</datafield>
	<datafield ind1="3" ind2="0" tag="880">
		<subfield code="6">246-03</subfield>
		<subfield code="a">المؤتمر العلمي العربي الأول :</subfield>
		<subfield code="b">الإسكندرية سبتمبر سنة 1953</subfield>
	</datafield>
	<datafield ind1=" " ind2="1" tag="880">
		<subfield code="6">264-04</subfield>
		<subfield code="a">القاهرة :</subfield>
		<subfield code="b">مطبعة لجنة التأليف والترجمة والنشر،</subfield>
		<subfield code="c">1954.</subfield>
	</datafield>
	<datafield ind1=" " ind2=" " tag="880">
		<subfield code="6">300-05</subfield>
		<subfield code="a">ء-ي، 662، 2 صفحة، 4 صفحات لوحات :</subfield>
		<subfield code="b">مصورات، خرائط، مخططات هندسية ؛</subfield>
		<subfield code="c">25 سم</subfield>
	</datafield>
	<datafield ind1="2" ind2=" " tag="880">
		<subfield code="6">711-06</subfield>
		<subfield code="a">المؤتمر العلمي العربي</subfield>
		<subfield code="n">(1 :</subfield>
		<subfield code="d">1953 :</subfield>
		<subfield code="c">الإسكندرية، مصر)</subfield>
	</datafield>
	<datafield ind1=" " ind2=" " tag="959">
		<subfield code="a">NNU</subfield>
		<subfield code="b">WEB</subfield>
		<subfield code="c">GENI</subfield>
		<subfield code="t">0</subfield>
		<subfield code="m">Electronic access</subfield>
		<subfield code="s">01</subfield>
	</datafield>
	<datafield ind1=" " ind2=" " tag="999">
		<subfield code="i">LeBAU_b1248765x</subfield>
		<subfield code="s">aub_aco002033</subfield>
		<subfield code="e">(ERROR-MISC)</subfield>
	</datafield>
</record>
